@article{pragmatic_gpt,
  author    = {Mayn, A., Loy, J., & Demberg, V.},
  title     = {Capable but not cooperative? Perceptions of ChatGPT as a pragmatic speaker.},
  journal   = {Annual Meeting of the Cognitive Science Society, 46},
  year      = {2024},
  url       = {https://escholarship.org/uc/item/1c381535},
}
