@misc{rosenfeld2023,
  author = {Rosenfeld, Michael J. and Thomas, Reuben J. and Hausen, Sonia},
  title = {How Couples Meet and Stay Together 2017-2020-2022 combined dataset},
  year = {2023},
  publisher = {Stanford University Libraries},
  url = {https://data.stanford.edu/hcmst2017}
}
